<record><leader>00000cas a2200000 a 4500</leader><controlfield tag="001">13910150</controlfield><controlfield tag="008">860721d19161934pauwr ne      0    0eng c</controlfield><datafield ind1=" " ind2=" " tag="010"><subfield code="a">sn 87080138 </subfield></datafield><datafield ind1=" " ind2=" " tag="040"><subfield code="a">NPH</subfield><subfield code="b">eng</subfield><subfield code="c">NPH</subfield><subfield code="d">NPX</subfield><subfield code="d">NPH</subfield><subfield code="d">NVF</subfield><subfield code="d">OCLCQ</subfield><subfield code="d">OCLCF</subfield><subfield code="d">OCLCO</subfield></datafield><datafield ind1="1" ind2=" " tag="029"><subfield code="a">AU@</subfield><subfield code="b">000025811291</subfield></datafield><datafield ind1=" " ind2=" " tag="042"><subfield code="a">pcc</subfield></datafield><datafield ind1=" " ind2=" " tag="043"><subfield code="a">n-us-pa</subfield></datafield><datafield ind1="0" ind2=" " tag="130"><subfield code="a">Oil City weekly derrick (Oil City, Pa. : 1916)</subfield></datafield><datafield ind1="1" ind2="0" tag="245"><subfield code="a">Oil City weekly derrick.</subfield></datafield><datafield ind1=" " ind2=" " tag="260"><subfield code="a">Oil City, Pa. :</subfield><subfield code="b">Derrick Pub. Co.,</subfield><subfield code="c">1916-1934.</subfield></datafield><datafield ind1=" " ind2=" " tag="300"><subfield code="a">v.</subfield></datafield><datafield ind1=" " ind2=" " tag="310"><subfield code="a">Weekly</subfield></datafield><datafield ind1="0" ind2=" " tag="362"><subfield code="a">Vol. 39, no. 71 (Sept. 7, 1916)-v. 57, no. 7 (Feb. 15, 1934).</subfield></datafield><datafield ind1=" " ind2=" " tag="500"><subfield code="a">"Organ of oil."</subfield></datafield><datafield ind1=" " ind2="0" tag="650"><subfield code="a">Oil industries</subfield><subfield code="z">Pennsylvania</subfield><subfield code="v">Newspapers.</subfield></datafield><datafield ind1=" " ind2="0" tag="650"><subfield code="a">Petroleum industry and trade</subfield><subfield code="z">Pennsylvania</subfield><subfield code="v">Newspapers.</subfield></datafield><datafield ind1=" " ind2="7" tag="655"><subfield code="a">Newspapers.</subfield><subfield code="2">fast</subfield><subfield code="0">(OCoLC)fst01423814</subfield></datafield><datafield ind1=" " ind2="7" tag="650"><subfield code="a">Oil industries.</subfield><subfield code="2">fast</subfield><subfield code="0">(OCoLC)fst01044641</subfield></datafield><datafield ind1=" " ind2="7" tag="650"><subfield code="a">Petroleum industry and trade.</subfield><subfield code="2">fast</subfield><subfield code="0">(OCoLC)fst01059546</subfield></datafield><datafield ind1=" " ind2="7" tag="651"><subfield code="a">Pennsylvania.</subfield><subfield code="2">fast</subfield><subfield code="0">(OCoLC)fst01204598</subfield></datafield><datafield ind1=" " ind2=" " tag="752"><subfield code="a">United States</subfield><subfield code="b">Pennsylvania</subfield><subfield code="c">Venango</subfield><subfield code="d">Oil City.</subfield></datafield><datafield ind1="0" ind2=" " tag="775"><subfield code="t">Oil City derrick (Oil City, Pa. : Daily)</subfield><subfield code="w">(DLC)sn 84026125</subfield></datafield><datafield ind1="0" ind2="0" tag="780"><subfield code="t">Oil City semi-weekly derrick</subfield><subfield code="w">(DLC)sn 85038445</subfield></datafield><datafield ind1="0" ind2="0" tag="785"><subfield code="t">Weekly derrick</subfield><subfield code="w">(DLC)sn 89077007</subfield></datafield></record>